<?xml version="1.0" encoding="UTF-8"?><collection xmlns="http://www.loc.gov/MARC21/slim"><record><leader>00365nam--2200121-i-4500</leader><controlfield tag="001">000001154</controlfield><controlfield tag="002">20161230</controlfield><controlfield tag="005">20161230201024</controlfield><controlfield tag="008">060222s1000------------r-----000-0-eng-d</controlfield><datafield ind1=" " ind2=" " tag="245"><subfield code="a">Reactor physics in the resonance and thermal regions.proceedings</subfield></datafield><datafield ind1=" " ind2=" " tag="260"><subfield code="a">Cambridge, Mass., The M.I.T.Press, 1966. X + 421 P</subfield></datafield><datafield ind1=" " ind2=" " tag="700"><subfield code="a">Goodjohn,A.J., Pomraning, G.C</subfield></datafield><datafield ind1=" " ind2=" " tag="852"><subfield code="a">25126</subfield></datafield></record></collection>